%G

@INPROCEEDINGS{guyer+:dsl99,
    AUTHOR = {Samuel Z. Guyer and Calvin Lin},
    TITLE  = {An Annotation Language for Optimizing Software Libraries},
    BOOKTITLE = {Proceedings of the 2nd Conference on Domain-Specific Languages},
    YEAR   = 1999
}

@PHDTHESIS{guyer03,
    AUTHOR = {Samuel Z. Guyer},
    TITLE  = {Incorporating Domain-Specific Information into the Compilation PRocess},
    SCHOOL = {University of Texas at Austin},
    MONTH = {May},
    YEAR  = 2003
}

