@INPROCEEDINGS{cooper+:pldi88,
   AUTHOR = {Keith D. Cooper and Ken Kennedy},
   TITLE  = {Interprocedural side-effect analysis in linear time},
   BOOKTITLE = {Proceedings of the ACM SIGPLAN 1988 Conference on Programming Language Design and Implementation},
   PAGES = {57--66},
   YEAR  = 1998
}


