@article{paleri,
  author = {V. K. Paleri and Y. N. Srikant and P. Shankar},
  title = {Partial redundancy elimination: a simple, pragmatic, and provably correct algorithm},
  journal = {Sci. Comput. Program.},
  volume = {48},
  number = {1},
  year = {2003},
  issn = {0167-6423},
  pages = {1--20},
  publisher = {Elsevier North-Holland, Inc.},
}

@article{paige_koenig,
  author = {Robert Paige and Shaye Koenig},
  title = {Finite Differencing of Computable Expressions},
  journal = {ACM Trans. Program. Lang. Syst.},
  volume = {4},
  number = {3},
  year = {1982},
  issn = {0164-0925},
  pages = {402--454},
  doi = {http://doi.acm.org/10.1145/357172.357177},
  publisher = {ACM Press},
}
